%%%%%   Planteamiento del Problema    %%%%%
@article{lora2012determinantes,
  title={Determinantes del crecimiento de las micro, peque{\~n}as y medianas empresas colombianas: el caso del sector metalmec{\'a}nico},
  author={Lora, Juan Carlos Trujillo and Pinedo, Wilman Iglesias},
  journal={Semestre econ{\'o}mico},
  volume={15},
  number={32},
  pages={41--76},
  year={2012}
}

@book{groover2007fundamentals,
  title={Fundamentals of modern manufacturing: materials processes, and systems},
  author={Groover, Mikell P},
  year={2007},
  publisher={John Wiley \& Sons}
}

@misc{Alibaba2019,
  author = {Alibaba},
  title = {SUBA CNC de 5 ejes},
  howpublished = {\url{https://spanish.alibaba.com/product-detail/SUBA-CNC-Five-Axis-CNC-Machining-60478001506.html}},
  year = {2019},
  note = {Accessed: 2019-08-13}
}

%%%%%   Justificacion del Proyecto    %%%%%
@misc{DANE2015,
    author    = "DANE",
    title     = "Encuesta Anual Manufacturera",
    year      = "2015"
}

@article{lechuga2018analisis,
  title={An{\'a}lisis del comportamiento de las exportaciones del Departamento del Atl{\'a}ntico (Colombia) entre 2012--2016},
  author={Lechuga Cardozo, Jorge Isaac and Ant{\'u}nez, Cazallo and Mar{\'\i}a, Ana and Me{\~n}aca Guerrero, Indira and Mart{\'\i}nez Caraballo, Hugo Ram{\'o}n and Olivero Vega, Enohemit and Garc{\'\i}a Guiliany, Jes{\'u}s Enrique},
  year={2018},
  journal={Asociacion de Profesionales y Tecnicos del CONICIT.}
}

@article{camargo2017capacidad,
  title={Capacidad din{\'a}mica de innovaci{\'o}n en las PyME exportadoras metalmec{\'a}nicas en Colombia},
  author={Camargo Acu{\~n}a, Genesis Yulie and Diaz Alonso, Roberto Carlos and Velandia Pacheco, Gabriel Jacob and Navarro Manotas, Evaristo De Jesus},
  year={2017},
  journal={Espacios}
}

%%%%%   Marco Conceptual    %%%%%
@book{zhang2009parallel,
  title={Parallel robotic machine tools},
  author={Zhang, Dan},
  year={2010},
  publisher={Springer Science \& Business Media}
}

@book{taghirad2013parallel,
  title={Parallel robots: mechanics and control},
  author={Taghirad, Hamid D},
  year={2013},
  publisher={CRC press}
}
@book{Fenoll2009,
  title={Mecanizado básico},
  author={Fenoll, Jaime and Borja, Jaime Carlos and Herrera,José},
  year={2009},
  publisher={Macmillan Iberia, S.A.}
}

@incollection{waldron2016kinematics,
  title={Kinematics},
  author={Waldron, Kenneth J and Schmiedeler, James},
  booktitle={Springer Handbook of Robotics},
  pages={11--36},
  year={2016},
  publisher={Springer}
}



%%%%%   Estado del Arte    %%%%%
@article{yuan2018review,
  title={A review on chatter in robotic machining process regarding both regenerative and mode coupling mechanism},
  author={Yuan, Lei and Pan, Zengxi and Ding, Donghong and Sun, Shuaishuai and Li, Weihua},
  journal={IEEE/ASME Transactions on Mechatronics},
  volume={23},
  number={5},
  pages={2240--2251},
  year={2018},
  publisher={IEEE}
}

@inproceedings{stipanvcic2012programming,
  title={Programming an industrial robot by demonstration},
  author={Stipan{\v{c}}i{\'c}, Tomislav and Jerbi{\'c}, Bojan and Bu{\v{c}}evi{\'c}, Ante and {\'C}urkovi{\'c}, Petar},
  booktitle={Annals of DAAAM for 2012 \& Proceedings of the 23rd International DAAAM Symposium},
  pages={15--18},
  year={2012},
  organization={DAAAM International}
}

@article{vsvaco2014calibration,
  title={Calibration of an industrial robot using a stereo vision system},
  author={{\v{S}}vaco, Marko and {\v{S}}ekoranja, Bojan and {\v{S}}uligoj, Filip and Jerbi{\'c}, Bojan},
  journal={Procedia Engineering},
  volume={69},
  pages={459--463},
  year={2014},
  publisher={Elsevier}
}

@article{szipka2018measurement,
  title={Measurement and analysis of machine tool errors under quasi-static and loaded conditions},
  author={Szipka, Karoly and Laspas, Theodoros and Archenti, Andreas},
  journal={Precision Engineering},
  volume={51},
  pages={59--67},
  year={2018},
  publisher={Elsevier}
}

@article{mejri2016dynamic,
  title={Dynamic characterization of machining robot and stability analysis},
  author={Mejri, Seifeddine and Gagnol, Vincent and Le, Thien-Phu and Sabourin, Laurent and Ray, Pascal and Paultre, Patrick},
  journal={The International Journal of Advanced Manufacturing Technology},
  volume={82},
  number={1-4},
  pages={351--359},
  year={2016},
  publisher={Springer}
}

@article{chen2013robot,
  title={Robot machining: recent development and future research issues},
  author={Chen, Yonghua and Dong, Fenghua},
  journal={The International Journal of Advanced Manufacturing Technology},
  volume={66},
  number={9-12},
  pages={1489--1497},
  year={2013},
  publisher={Springer}
}

@article{denkena2017design,
  title={Design and optimization of a machining robot},
  author={Denkena, Berend and Bergmann, Benjamin and Lepper, Thomas},
  journal={Procedia Manufacturing},
  volume={14},
  pages={89--96},
  year={2017},
  publisher={Elsevier}
}

@article{zargarbashi2012jacobian,
  title={The Jacobian condition number as a dexterity index in 6R machining robots},
  author={Zargarbashi, SHH and Khan, Waseem and Angeles, Jorge},
  journal={Robotics and Computer-Integrated Manufacturing},
  volume={28},
  number={6},
  pages={694--699},
  year={2012},
  publisher={Elsevier}
}

@article{guo2015stiffness,
  title={Stiffness-oriented posture optimization in robotic machining applications},
  author={Guo, Yingjie and Dong, Huiyue and Ke, Yinglin},
  journal={Robotics and Computer-Integrated Manufacturing},
  volume={35},
  pages={69--76},
  year={2015},
  publisher={Elsevier}
}

@article{zhu2013off,
  title={An off-line programming system for robotic drilling in aerospace manufacturing},
  author={Zhu, Weidong and Qu, Weiwei and Cao, Lianghong and Yang, Di and Ke, Yinglin},
  journal={The International Journal of Advanced Manufacturing Technology},
  volume={68},
  number={9-12},
  pages={2535--2545},
  year={2013},
  publisher={Springer}
}

@article{subrin2013new,
  title={New redundant architectures in machining: serial and parallel robots},
  author={Subrin, K{\'e}vin and Sabourin, Laurent and Cousturier, Richard and Gogu, Grigore and Mezouar, Youcef},
  journal={Procedia Engineering},
  volume={63},
  pages={158--166},
  year={2013},
  publisher={Elsevier}
}

@article{andres2011calibration,
  title={Calibration and control of a redundant robotic workcell for milling tasks},
  author={Andres, Javier and Gracia, Luis and Tornero, Josep},
  journal={International Journal of Computer Integrated Manufacturing},
  volume={24},
  number={6},
  pages={561--573},
  year={2011},
  publisher={Taylor \& Francis}
}

@article{lin2015design,
  title={Design and implementation of a new delta parallel robot in robotics competitions},
  author={Lin, Jonqlan and Luo, Ci-Huang and Lin, Kao-Hui},
  journal={International Journal of Advanced Robotic Systems},
  volume={12},
  number={10},
  pages={153},
  year={2015},
  publisher={SAGE Publications Sage UK: London, England}
}

@article{ur2009kinematic,
  title={Kinematic and dynamic analysis of the 2-DOF spherical wrist of orthoglide 5-axis},
  author={Ur-Rehman, Raza and Caro, St{\'e}phane and Chablat, Damien and Wenger, Philippe},
  journal={arXiv preprint arXiv:0904.0145},
  year={2009}
}

@article{ZENG2014648,
    title = "Tri-pyramid Robot: Design and kinematic analysis of a 3-DOF translational parallel manipulator",
    journal = "Robotics and Computer-Integrated Manufacturing",
    volume = "30",
    number = "6",
    pages = "648 - 657",
    year = "2014",
    issn = "0736-5845",
    doi = "https://doi.org/10.1016/j.rcim.2014.06.002",
    url = "http://www.sciencedirect.com/science/article/pii/S0736584514000428",
    author = "Qiang Zeng and Kornel F. Ehmann and Jian Cao",
    keywords = "Parallel manipulator, Mechanism design, Kinematics, Displacement group theory"
}

@article{briot2009pantopteron,
  title={Pantopteron: a new fully decoupled 3DOF translational parallel robot for pick-and-place applications},
  author={Briot, S{\'e}bastien and Bonev, IA},
  journal={Journal of Mechanisms and Robotics},
  volume={1},
  number={2},
  pages={021001},
  year={2009},
  publisher={American Society of Mechanical Engineers}
}

@inproceedings{cardou2010dimensional,
  title={The Dimensional Synthesis of the Linear Delta Robot for a Force-Feedback Device},
  author={Cardou, Philippe and Laurendeau, Denis and Beaulieu, Luc and B{\'e}langer, Luc and Carette, Alexandre},
  booktitle={ASME 2010 International Design Engineering Technical Conferences and Computers and Information in Engineering Conference},
  pages={829--838},
  year={2010},
  organization={American Society of Mechanical Engineers}
}

@inproceedings{hoppner2015two,
  title={Two-dimensional orthoglide mechanism for revealing areflexive human arm mechanical properties},
  author={H{\"o}ppner, Hannes and Grebenstein, Markus and van der Smagt, Patrick},
  booktitle={Intelligent Robots and Systems (IROS), 2015 IEEE/RSJ International Conference on},
  pages={1178--1185},
  year={2015},
  organization={IEEE}
}

@article{martini2015static,
  title={Static balancing of a parallel kinematics machine with Linear-Delta architecture: Theory, design and numerical investigation},
  author={Martini, Alberto and Troncossi, Marco and Carricato, Marco and Rivola, Alessandro},
  journal={Mechanism and Machine Theory},
  volume={90},
  pages={128--141},
  year={2015},
  publisher={Elsevier}
}

@inproceedings{sarabandi2018reconfigurable,
  title={A reconfigurable asymmetric 3-UPU parallel robot},
  author={Sarabandi, Soheil and Grosch, Patrick and Porta, Josep M and Thomas, Federico},
  booktitle={2018 International Conference on Reconfigurable Mechanisms and Robots (ReMAR)},
  pages={1--8},
  year={2018},
  organization={IEEE}
}

@article{gallardo2014application,
  title={An application of screw theory to the kinematic analysis of a Delta-type robot},
  author={Gallardo-Alvarado, Jaime and Balmaceda-Santamar{\'\i}a, Albert L and Castillo-Castaneda, Eduardo},
  journal={Journal of Mechanical Science and Technology},
  volume={28},
  number={9},
  pages={3785--3792},
  year={2014},
  publisher={Springer}
}

@inproceedings{xu2017dynamic,
  title={Dynamic analysis of a linear Delta robot in hybrid polishing machine based on the principle of virtual work},
  author={Xu, Peng and Li, Bing and Chueng, Chi-Fai},
  booktitle={2017 18th International Conference on Advanced Robotics (ICAR)},
  pages={379--384},
  year={2017},
  organization={IEEE}
}

@article{li2018design,
  title={The design of a 3-CPS parallel robot for maximum dexterity},
  author={Li, Wei and Angeles, Jorge},
  journal={Mechanism and Machine Theory},
  volume={122},
  pages={279--291},
  year={2018},
  publisher={Elsevier}
}

@article{kelaiaia2012multiobjective,
  title={Multiobjective optimization of a linear Delta parallel robot},
  author={Kelaiaia, Ridha and Company, Olivier and Zaatri, Abdelouahab},
  journal={Mechanism and Machine Theory},
  volume={50},
  pages={159--178},
  year={2012},
  publisher={Elsevier}
}

@article{cazalilla2016hybrid,
  title={Hybrid force/position control for a 3-DOF 1T2R parallel robot: Implementation, simulations and experiments},
  author={Cazalilla, Jos{\'e} and Vall{\'e}s, Marina and Valera, {\'A}ngel and Mata, Vicente and D{\'\i}az-Rodr{\'\i}guez, Miguel},
  journal={Mechanics Based Design of Structures and Machines},
  volume={44},
  number={1-2},
  pages={16--31},
  year={2016},
  publisher={Taylor \& Francis}
}

@incollection{di1998translational,
  title={A translational 3-DOF parallel manipulator},
  author={Di Gregorio, Raffaele and Parenti-Castelli, V},
  booktitle={Advances in Robot Kinematics: Analysis and Control},
  pages={49--58},
  year={1998},
  publisher={Springer}
}

@incollection{karouia2000three,
  title={A three-dof tripod for generating spherical rotation},
  author={Karouia, M and Herv{\'e}, JM},
  booktitle={Advances in robot kinematics},
  pages={395--402},
  year={2000},
  publisher={Springer}
}

@article{pierrot1990delta,
  title={DELTA: a simple and efficient parallel robot},
  author={Pierrot, Fran{\c{c}}ois and Reynaud, C and Fournier, Alain},
  journal={Robotica},
  volume={8},
  number={2},
  pages={105--109},
  year={1990},
  publisher={Cambridge University Press}
}

%%%%%   Estado de la Técnica   %%%%%
@article{serje2017parallel,
  title={Parallel kinematics machine tools: Research, development and future trends},
  author={Serje, D. and Pacheco, J.},
  journal={Dyna},
  volume={51},
  pages={5--7},
  year={2017},
  publisher={}
}


%%%%%   Revisión de Patentes   %%%%%
@misc{patent:CN109676587A,
 title     = "A kind of four-degree-of-freedom high speed parallel robot",
 number    = "CN109676587A",
 author    = "张建政 and 彭斌彬 and 董易 and 孙冠群",
 year      = "2019",
 month     = "Abril",
 howpublished = {\url{https://patents.google.com/patent/CN109676587A}},
 url       = "https://patents.google.com/patent/CN109676587A"
}

@misc{patent:ES2588015T3,
 title     = "Procedimiento y dispositivo de mecanizado de un molde para la fabricación de un aparato ortopédico",
 number    = "ES2588015T3",
 author    = "Yann Paitel",
 year      = "2016",
 month     = "Octubre",
 howpublished = {\url{https://patents.google.com/patent/ES2588015T3}},
 url       = "https://patents.google.com/patent/ES2588015T3"
}

@misc{patent:AU2007297702B2,
 title     = "Systems, devices, and methods for surgery on a hollow anatomically suspended organ",
 number    = "AU2007297702B2",
 author    = "Stanley Chang and Howard Fine and Roger Goldman and Nabil Simaan and Wei Wei",
 year      = "2013",
 month     = "Abril",
 howpublished = {\url{https://patents.google.com/patent/AU2007297702B2}},
 url       = "https://patents.google.com/patent/AU2007297702B2"
}

@misc{patent:WO2019091425A1,
 title     = "Few-joint over-constrained five-freedom-degree hybrid connection robot",
 number    = "WO2019091425A1",
 author    = "赵永生 and 孟光 and 张东胜 and 许允斗 and 郭立杰 and 岳义 and 周玉林 and 姚建涛 and 刘明芳 and 杨帆",
 year      = "2019",
 month     = "Mayo",
 howpublished = {\url{https://patents.google.com/patent/WO2019091425A1}},
 url       = "https://patents.google.com/patent/WO2019091425A1"
}

@misc{patent:ES2353940T3,
 title     = "Procedimiento para controlar el proceso de una instalación de soldadura mediante robot con comprobación periódica del proceso de soldadura para sustituir la tobera de gas.",
 number    = "ES2353940T3",
 author    = "Ewald Berger and Gerhard Miessbacher and Harald NÖBAUER and Manfred RÜHRNÖSSL and Herbert Staufer and Markus Steinmaurer",
 year      = "2011",
 month     = "Marzo",
 howpublished = {\url{https://patents.google.com/patent/ES2353940T3}},
 url       = "https://patents.google.com/patent/ES2353940T3"
}

@misc{patent:CN109091233A,
 title     = "Puncturing operation robot based on series and parallel structure",
 number    = "CN109091233A",
 author    = "赵保亮 and 胡颖 and 付义",
 year      = "2018",
 month     = "Diciembre",
 howpublished = {\url{https://patents.google.com/patent/CN109091233A}},
 url       = "https://patents.google.com/patent/CN109091233A"
}

@misc{patent:ES2433664T3,
 title     = "Dispositivo guiador dirigible",
 number    = "ES2433664T3",
 author    = "Howie Choset and Alon Wolf and Marco A. Zenati",
 year      = "2013",
 month     = "Diciembre",
 howpublished = {\url{https://patents.google.com/patent/ES2433664T3}},
 url       = "https://patents.google.com/patent/ES2433664T3"
}

@misc{patent:US5715729A,
 title     = "Machine tool having parallel structure",
 number    = "US5715729A",
 author    = "Taizo Toyama and Yoichi Yamakawa and Hiroyoshi Suzuki ",
 year      = "1995",
 month     = "Noviembre",
 howpublished = {\url{https://patents.google.com/patent/US5715729A}},
 url       = "https://patents.google.com/patent/US5715729A"
}

@misc{patent:ES2392059B2,
 title     = "Robot de estructura cinemática híbrida para el guiado de la inserción de agujas, catéteres y elementos quirúrgicos para procedimientos de cirugía mínimamente invasiva",
 number    = "",
 author    = "Saltaren Pazmiño, Roque Jacinto and Aracil Santonja, Rafael and PUGLISI, Lisandro José and POLETTI, Gabriel Armando and REY PORTOLES, Germán and CABRERA PARRA, Walter",
 year      = "2013",
 month     = "Abril",
 howpublished = {\url{https://patents.google.com/patent/ES2392059B2}},
 url       = "https://patents.google.com/patent/ES2392059B2"
}

@misc{patent:CN109348795A,
 title     = "A kind of replanting system and its implementation based on parallel robot",
 number    = "CN109348795A",
 author    = "周昕 and 蔡静 and 周立恒",
 year      = "2019",
 month     = "Febrero",
 howpublished = {\url{https://patents.google.com/patent/CN109348795A}},
 url       = "https://patents.google.com/patent/CN109348795A"
}

@misc{patent:ES2323852T3,
 title     = "Robot industrial",
 number    = "ES2323852T3",
 author    = "Torgny Brogardh",
 year      = "2009",
 month     = "Julio",
 howpublished = {\url{https://patents.google.com/patent/ES2323852T3}},
 url       = "https://patents.google.com/patent/ES2323852T3"
}

@misc{patent:US8776632B2,
 title     = "Robot industrial",
 number    = "US8776632B2",
 author    = "Dalong Gao and Chris A. Ihrke",
 year      = "2014",
 month     = "Julio",
 howpublished = {\url{https://patents.google.com/patent/US8776632B2}},
 url       = "https://patents.google.com/patent/US8776632B2"
}

@misc{catalogue:CatalogoC005s,
 title     = "Cátalogo General C005s",
 author    = "Interempresas.Net",
 year      = "2018",
 howpublished = {\url{https://www.interempresas.net/FeriaVirtual/Catalogos_y_documentos/9723/c005s_i.pdf}},
 note = {Accessed: 2019-09-9}
}
%% LR
@book{Riba2002,
  title={Diseño Concurrente},
  author={Riba, Carles},
  year={2002},
  publisher={Ediciones UPC}
}

%%%%%   Metodología de Diseño Conceptual   %%%%%
@book{dieter2012engineering,
  title={Engineering design (5th edition)},
  author={Dieter, George and Schmidt, Linda},
  year={2012},
  publisher = {McGraw-Hill}
}

@inproceedings{petko2005mechatronic,
  title={Mechatronic design of a parallel manipulator for milling},
  author={Petko, Maciej and Karpiel, Grzegorz},
  booktitle={Proceedings, 2005 IEEE/ASME International Conference on Advanced Intelligent Mechatronics.},
  pages={759--764},
  year={2005},
  organization={IEEE}
}
